<?xml version="1.0" encoding="UTF-8"?><collection xmlns="http://www.loc.gov/MARC21/slim"><record><leader>00374nam--2200121-i-4500</leader><controlfield tag="001">000021941</controlfield><controlfield tag="002">20161230</controlfield><controlfield tag="005">20161230201034</controlfield><controlfield tag="008">060222s1000------------r-----000-0-eng-d</controlfield><datafield ind1=" " ind2=" " tag="100"><subfield code="a">Havlicek F.I</subfield></datafield><datafield ind1=" " ind2=" " tag="245"><subfield code="a">Zur bestimmung des isotopengehaltverhaelt- nisses 238u/234u mit alphaspektrometern</subfield></datafield><datafield ind1=" " ind2=" " tag="260"><subfield code="a">Ljubljana, Nuclear Institut  J.Stefan , 1959. 8 P. + 8 Fig</subfield></datafield><datafield ind1=" " ind2=" " tag="852"><subfield code="a">10046</subfield></datafield></record></collection>